@article{baldini2017,
  author    = {Ioana Baldini and
               Paul C. Castro and
               Kerry Shih{-}Ping Chang and
               Perry Cheng and
               Stephen J. Fink and
               Vatche Ishakian and
               Nick Mitchell and
               Vinod Muthusamy and
               Rodric M. Rabbah and
               Aleksander Slominski and
               Philippe Suter},
  title     = {Serverless Computing: Current Trends and Open Problems},
  journal   = {CoRR},
  volume    = {abs/1706.03178},
  year      = {2017},
  url       = {http://arxiv.org/abs/1706.03178},
  eprinttype = {arXiv},
  eprint    = {1706.03178},
  timestamp = {Mon, 13 Aug 2018 16:47:26 +0200},
  biburl    = {https://dblp.org/rec/journals/corr/BaldiniCCCFIMMR17.bib},
  bibsource = {dblp computer science bibliography, https://dblp.org}
}

@article{rajkumar2017,
  author    = {Rajkumar Buyya and
               Satish Narayana Srirama and
               Giuliano Casale and
               Rodrigo N. Calheiros and
               Yogesh Simmhan and
               Blesson Varghese and
               Erol Gelenbe and
               Bahman Javadi and
               Luis Miguel Vaquero and
               Marco A. S. Netto and
               Adel Nadjaran Toosi and
               Maria Alejandra Rodriguez and
               Ignacio Mart{\'{\i}}n Llorente and
               Sabrina De Capitani di Vimercati and
               Pierangela Samarati and
               Dejan S. Milojicic and
               Carlos A. Varela and
               Rami Bahsoon and
               Marcos Dias de Assun{\c{c}}{\~{a}}o and
               Omer F. Rana and
               Wanlei Zhou and
               Hai Jin and
               Wolfgang Gentzsch and
               Albert Y. Zomaya and
               Haiying Shen},
  title     = {A Manifesto for Future Generation Cloud Computing: Research Directions
               for the Next Decade},
  journal   = {CoRR},
  volume    = {abs/1711.09123},
  year      = {2017},
  url       = {http://arxiv.org/abs/1711.09123},
  eprinttype = {arXiv},
  eprint    = {1711.09123},
  timestamp = {Fri, 22 Apr 2022 11:03:33 +0200},
  biburl    = {https://dblp.org/rec/journals/corr/abs-1711-09123.bib},
  bibsource = {dblp computer science bibliography, https://dblp.org}
}

@article{paul2019,
  author    = {Paul C. Castro and
               Vatche Ishakian and
               Vinod Muthusamy and
               Aleksander Slominski},
  title     = {The server is dead, long live the server: Rise of Serverless Computing,
               Overview of Current State and Future Trends in Research and Industry},
  journal   = {CoRR},
  volume    = {abs/1906.02888},
  year      = {2019},
  url       = {http://arxiv.org/abs/1906.02888},
  eprinttype = {arXiv},
  eprint    = {1906.02888},
  timestamp = {Wed, 04 Dec 2019 15:23:27 +0100},
  biburl    = {https://dblp.org/rec/journals/corr/abs-1906-02888.bib},
  bibsource = {dblp computer science bibliography, https://dblp.org}
}

@article{hassan2017,
author = {Hassan, Hassan and Barakat, Saman and Sarhan, Qusay},
year = {2021},
month = {07},
pages = {},
title = {Survey on serverless computing},
volume = {10},
journal = {Journal of Cloud Computing},
doi = {10.1186/s13677-021-00253-7}
}

@article{jonas2019,
  author    = {Eric Jonas and
               Johann Schleier{-}Smith and
               Vikram Sreekanti and
               Chia{-}che Tsai and
               Anurag Khandelwal and
               Qifan Pu and
               Vaishaal Shankar and
               Jo{\~{a}}o Carreira and
               Karl Krauth and
               Neeraja Jayant Yadwadkar and
               Joseph E. Gonzalez and
               Raluca Ada Popa and
               Ion Stoica and
               David A. Patterson},
  title     = {Cloud Programming Simplified: {A} Berkeley View on Serverless Computing},
  journal   = {CoRR},
  volume    = {abs/1902.03383},
  year      = {2019},
  url       = {http://arxiv.org/abs/1902.03383},
  eprinttype = {arXiv},
  eprint    = {1902.03383},
  timestamp = {Mon, 31 Jan 2022 16:34:15 +0100},
  biburl    = {https://dblp.org/rec/journals/corr/abs-1902-03383.bib},
  bibsource = {dblp computer science bibliography, https://dblp.org}
}
@INPROCEEDINGS{megargel2021,  author={Megargel, Alan and Poskitt, Christopher M. and Shankararaman, Venky},  booktitle={2021 IEEE 25th International Enterprise Distributed Object Computing Conference (EDOC)},   title={Microservices Orchestration vs. Choreography: A Decision Framework},   year={2021},  volume={},  number={},  pages={134-141},  doi={10.1109/EDOC52215.2021.00024}}